<?xml version="1.0" encoding="UTF-8"?><record xmlns="http://www.loc.gov/MARC21/slim" xmlns:cinclude="http://apache.org/cocoon/include/1.0" xmlns:zs="http://www.loc.gov/zing/srw/">
  <leader>00664nz  a2200145n  4500</leader>
  <controlfield tag="001">no2009034557</controlfield>
  <controlfield tag="003">DLC</controlfield>
  <controlfield tag="005">20090308081636.0</controlfield>
  <controlfield tag="008">090305n| acannaabn          |a aaa     c</controlfield>
  <datafield tag="010" ind1=" " ind2=" ">
    <subfield code="a">no2009034557</subfield>
  </datafield>
  <datafield tag="035" ind1=" " ind2=" ">
    <subfield code="a">(OCoLC)oca08035283</subfield>
  </datafield>
  <datafield tag="040" ind1=" " ind2=" ">
    <subfield code="a">NmU</subfield>
    <subfield code="b">eng</subfield>
    <subfield code="c">NmU</subfield>
  </datafield>
  <datafield tag="100" ind1="1" ind2=" ">
    <subfield code="a">Distéfano, María Graciela,</subfield>
    <subfield code="d">1950-</subfield>
    <subfield code="t">Máscaras y laberintos de un mercado de provincia.</subfield>
    <subfield code="l">English</subfield>
  </datafield>
  <datafield tag="400" ind1="1" ind2=" ">
    <subfield code="a">Distéfano, María Graciela,</subfield>
    <subfield code="d">1950-</subfield>
    <subfield code="t">Masks and labyrinths of a provincial market</subfield>
  </datafield>
  <datafield tag="670" ind1=" " ind2=" ">
    <subfield code="a">Artes plásticas y mercados en la Argentina de los siglos XIX y XX, c2007:</subfield>
    <subfield code="b">t.p. (Máscaras y laberintos de un mercado de provincia) p. [229] (Masks and labyrinths of a provincial market)</subfield>
  </datafield>
</record>